<record><leader>00000cas a22000007a 4500</leader><controlfield tag="001">12796216</controlfield><controlfield tag="008">851114d19311933wiuwr ne      0    0eng d</controlfield><datafield ind1=" " ind2=" " tag="010"><subfield code="a">sn 85041384 </subfield></datafield><datafield ind1=" " ind2=" " tag="040"><subfield code="a">NPV</subfield><subfield code="b">eng</subfield><subfield code="c">NPV</subfield><subfield code="d">OCLCQ</subfield></datafield><datafield ind1=" " ind2=" " tag="042"><subfield code="a">msc</subfield></datafield><datafield ind1=" " ind2=" " tag="045"><subfield code="a">x3x3</subfield></datafield><datafield ind1=" " ind2=" " tag="052"><subfield code="a">4123</subfield><subfield code="b">B3</subfield></datafield><datafield ind1="0" ind2="4" tag="245"><subfield code="a">The Rice Lake independent.</subfield></datafield><datafield ind1=" " ind2=" " tag="260"><subfield code="a">Rice Lake, Wis. :</subfield><subfield code="b">Hendrickson &amp; Schreiber,</subfield><subfield code="c">1931-1933.</subfield></datafield><datafield ind1=" " ind2=" " tag="300"><subfield code="a">2 v. :</subfield><subfield code="b">ill.</subfield></datafield><datafield ind1=" " ind2=" " tag="310"><subfield code="a">Weekly</subfield></datafield><datafield ind1="0" ind2=" " tag="362"><subfield code="a">Vol. 1, no. 1 (Sept. 17, 1931)-v. 2, no. 35 (May 11, 1933).</subfield></datafield><datafield ind1=" " ind2=" " tag="500"><subfield code="a">Publisher varies.</subfield></datafield><datafield ind1=" " ind2=" " tag="500"><subfield code="a">Editors: T.P. Schreiber, Sept. 17, 1931-April 21, 1932; K. Jacobson, April 28, 1932-May 11, 1933.</subfield></datafield><datafield ind1=" " ind2=" " tag="530"><subfield code="a">Available on microfilm from The State Historical Society of Wisconsin.</subfield></datafield><datafield ind1=" " ind2=" " tag="752"><subfield code="a">United States</subfield><subfield code="b">Wisconsin</subfield><subfield code="c">Barron</subfield><subfield code="d">Rice Lake.</subfield></datafield><datafield ind1="0" ind2="4" tag="785"><subfield code="t">Rice Lake chronotype (Rice Lake, Wis. : 1896)</subfield><subfield code="w">(DLC)sn 86086435</subfield></datafield><datafield ind1="1" ind2=" " tag="029"><subfield code="a">AU@</subfield><subfield code="b">000025814552</subfield></datafield></record>